@article{few2008practical,
    title={Practical rules for using color in charts},
    author={Few, Stephen},
    journal={Visual Business Intelligence Newsletter},
    publisher = {Perceptual Edge},
    volume={11},
    url = {http://www.perceptualedge.com/articles/visual_business_intelligence/rules_for_using_color.pdf},
    year={2008}
}

 @Manual{RColorBrewer,
    title = {RColorBrewer: ColorBrewer Palettes},
    author = {Erich Neuwirth},
    year = {2014},
    note = {R package version 1.1-2},
    url = {https://CRAN.R-project.org/package=RColorBrewer},
  }
  

@article{Brewer1997,
  doi = {10.1111/1467-8306.00061},
  url = {https://doi.org/10.1111/1467-8306.00061},
  year = {1997},
  month = sep,
  publisher = {Informa {UK} Limited},
  volume = {87},
  number = {3},
  pages = {411--438},
  author = {Cynthia A. Brewer and Alan M. MacEachren and Linda W. Pickle and Douglas Herrmann},
  title = {Mapping Mortality: Evaluating Color Schemes for Choropleth Maps},
  journal = {Annals of the Association of American Geographers}
}  

@article{harrower2003colorbrewer,
  title={ColorBrewer. org: an online tool for selecting colour schemes for maps},
  author={Harrower, Mark and Brewer, Cynthia A},
  journal={The Cartographic Journal},
  volume={40},
  number={1},
  pages={27--37},
  year={2003},
  publisher={Taylor \& Francis}
}

@article{stone2006choosing,
  title={Choosing colors for data visualization},
  url = {http://www.perceptualedge.com/articles/b-eye/choosing_colors.pdf},
  author={Stone, Maureen},
  journal={Business Intelligence Network},
  volume={2},
  year={2006}
}

@article{Kunz2011,
  url = {https://doi.org/10.1179/1743277411y.0000000001},
  year = {2011},
  month = feb,
  publisher = {Informa {UK} Limited},
  volume = {48},
  number = {1},
  pages = {60--71},
  author = {Melanie Kunz and Lorenz Hurni},
  title = {How to Enhance Cartographic Visualisations of Natural Hazards Assessment Results},
  journal = {The Cartographic Journal}
}

@InBook{visstatthink1997,
  author    = {Tufte, Edward R.},
  title     = {Visual and statistical thinking},
  booktitle = {Visual Explanations: Images and Quantities, Evidence and Narrative},
  year      = {1997},
  publisher = {Graphics Press},
  isbn      = {9781930824157},
  url       = {https://www.edwardtufte.com/tufte/books_textb},
  lccn      = {97127584},
}

@Book{tufte,
  Title                    = {The Visual Display of Quantitative Information},
  Author                   = {Edward R. Tufte},
  Publisher                = {Graphics Press},
  Year                     = {1983},

  Owner                    = {cliffosj},
  Timestamp                = {2016.05.11}
}

@Electronic{pantoliano,
  Title                    = {{Data Visualization Principles: Lessons from Tufte}},
  Author                   = {Mike Pantoliano},
  Url                      = {https://moz.com/blog/data-visualization-principles-lessons-from-tufte},
  Year                     = {2012},

  Owner                    = {cliffosj},
  Timestamp                = {2016.05.11}
}

@misc{bbcplot,
url={https://bbc.github.io/rcookbook/},
author = {{BBC data team}},
title = {{BBC Visual and Data Journalism cookbook for R graphics}},
year = {2019},
institution = {{BBC}}
}

@misc{selby-boothroyd_2018, title={Data journalism at {The Economist} gets a home of its own in print}, url={https://medium.economist.com/data-journalism-at-the-economist-gets-a-home-of-its-own-in-print-92e194c7f67e}, journal={The Economist}, publisher={Medium}, author={Selby-Boothroyd, Alex}, year={2018}, month={Oct}}



@misc{france_2020, title={Choosing Fonts for Your Data Visualization}, url={https://medium.com/nightingale/choosing-a-font-for-your-data-visualization-2ed37afea637}, journal={Nightingale}, publisher={Medium}, author={France, Tiffany}, year={2020}, month={June}}


@article{cleveland1988shape,
  title={The shape parameter of a two-variable graph},
  author={Cleveland, William S and McGill, Marylyn E and McGill, Robert},
  journal={Journal of the American Statistical Association},
  volume={83},
  number={402},
  pages={289--300},
  year={1988},
  publisher={Taylor \& Francis}
}

@misc{world2014visual,
  title={Visual impairment and blindness Fact Sheet 282},
  author={{WHO}},
  organisation={World Health Organization},
  year={2020},
  month = {October},
  url = {https://www.who.int/news-room/fact-sheets/detail/blindness-and-visual-impairment}
}

@article {Scott1104,
	author = {Scott, Hilary and Fawkner, Samantha and Oliver, Chris and Murray, Andrew},
	title = {Why healthcare professionals should know a little about infographics},
	volume = {50},
	number = {18},
	pages = {1104--1105},
	year = {2016},
	doi = {10.1136/bjsports-2016-096133},
	publisher = {British Association of Sport and Excercise Medicine},
	issn = {0306-3674},
	URL = {https://bjsm.bmj.com/content/50/18/1104},
	eprint = {https://bjsm.bmj.com/content/50/18/1104.full.pdf},
	journal = {British Journal of Sports Medicine}
}



@Book{changgraphics,
  author    = {Winston Chang},
  title     = {R Graphics Cookbook},
  year      = {2018},
  subtitle  = {Practical Recipes for Visualizing Data},
  edition   = {2nd},
  publisher = {O'Reilly Media},
  isbn      = {1491978600},
  url = {https://r-graphics.org/}
}

@book{hadley2020ggplot2,
  title={{ggplot2}: Elegrant graphics for data analysis},
  author={Wickham, Hadley and Navarro, Danielle and {Lin Pedersen}, Thomas},
  year={2020},
  url = {https://ggplot2-book.org/},
  publisher={Springer}
}

@misc{smith2015better,
  title={A Better Default Colormap for Matplotlib.(2015)},
  author={Smith, Nathaniel and van der Walt, St{\'e}fan},
  URL={https://bids.github.io/colormap},
  year={2015}
}

@Manual{gapminder,
    title = {gapminder: Data from Gapminder},
    author = {Jennifer Bryan},
    year = {2017},
    note = {R package version 0.3.0},
    url = {https://CRAN.R-project.org/package=gapminder},
  }



@InCollection{Friendly:06:hbook,
  Title                    = {A Brief History of Data Visualization},
  Author                   = {M. Friendly},
  Booktitle                = {Handbook of Computational Statistics: Data Visualization},
  Publisher                = {Springer-Verlag},
  Year                     = {2006},

  Address                  = {Heidelberg},
  Editor                   = {C. Chen and W. H\"ardle and A Unwin},
  Volume                   = {III},

  Url                      = {http://www.datavis.ca/papers/hbook.pdf}
}

@InCollection{Friendly:05:gfkl,
  Title                    = {Milestones in the History of Data Visualization: A Case Study in Statistical Historiography},
  Author                   = {M. Friendly},
  Booktitle                = {Classification: The Ubiquitous Challenge},
  Publisher                = {Springer},
  Year                     = {2005},

  Address                  = {New York},
  Editor                   = {C. Weihs and W. Gaul},
  Pages                    = {34--52},

  Url                      = {http://www.math.yorku.ca/SCS/Papers/gfkl.pdf}
}


@Book{r4ds,
  Title                    = {R for Data Science: Import, Tidy, Transform, Visualize, and Model Data},
  Author                   = {Hadley Wickham and Garrett Grolemund},
  Year                     = {2020},

  Owner                    = {cliffosj},
  Timestamp                = {2017.05.23},
  Url                      = {http://r4ds.had.co.nz}
}


@electronic{cheatsheets,
 author = {{RStudio}},
 Year = {2012},
 title = {RStudio Cheat Sheets},
 url = {https://www.rstudio.com/resources/cheatsheets/}
}